<?xml version="1.0" encoding="UTF-8"?><record xmlns="http://www.loc.gov/MARC21/slim" xmlns:cinclude="http://apache.org/cocoon/include/1.0" xmlns:zs="http://www.loc.gov/zing/srw/">
  <leader>00867cz  a2200229n  4500</leader>
  <controlfield tag="001">n  88117216 </controlfield>
  <controlfield tag="003">DLC</controlfield>
  <controlfield tag="005">20080925080730.0</controlfield>
  <controlfield tag="008">871229nc acannaabn          |b ana      </controlfield>
  <datafield tag="010" ind1=" " ind2=" ">
    <subfield code="a">n  88117216 </subfield>
  </datafield>
  <datafield tag="035" ind1=" " ind2=" ">
    <subfield code="a">(OCoLC)oca02172357</subfield>
  </datafield>
  <datafield tag="040" ind1=" " ind2=" ">
    <subfield code="a">DLC</subfield>
    <subfield code="b">eng</subfield>
    <subfield code="c">DLC</subfield>
    <subfield code="d">DLC</subfield>
    <subfield code="d">OCoLC</subfield>
  </datafield>
  <datafield tag="110" ind1="1" ind2=" ">
    <subfield code="a">Guizhou Sheng (China).</subfield>
    <subfield code="b">Xu mu ju</subfield>
  </datafield>
  <datafield tag="410" ind1="2" ind2=" ">
    <subfield code="a">Guizhou Sheng nong ye ting xu mu ju</subfield>
  </datafield>
  <datafield tag="410" ind1="1" ind2=" ">
    <subfield code="a">Guizhou Sheng (China).</subfield>
    <subfield code="b">Nong ye ting.</subfield>
    <subfield code="b">Xu mu ju</subfield>
  </datafield>
  <datafield tag="410" ind1="1" ind2=" ">
    <subfield code="w">nnea</subfield>
    <subfield code="a">Guizhou Sheng (China).</subfield>
    <subfield code="b">Hsü mu chü</subfield>
  </datafield>
  <datafield tag="410" ind1="1" ind2=" ">
    <subfield code="a">貴州省 (中國).</subfield>
    <subfield code="b">畜牧局</subfield>
  </datafield>
  <datafield tag="410" ind1="1" ind2=" ">
    <subfield code="a">贵州省 (中囯).</subfield>
    <subfield code="b">畜牧局</subfield>
  </datafield>
  <datafield tag="410" ind1="1" ind2=" ">
    <subfield code="a">贵州省 (China).</subfield>
    <subfield code="b">畜牧局</subfield>
  </datafield>
  <datafield tag="667" ind1=" " ind2=" ">
    <subfield code="a">Machine-derived non-Latin script reference project.</subfield>
  </datafield>
  <datafield tag="667" ind1=" " ind2=" ">
    <subfield code="a">Non-Latin script references not evaluated.</subfield>
  </datafield>
  <datafield tag="670" ind1=" " ind2=" ">
    <subfield code="a">Kuei-chou chu yao yeh sheng mu tsʻao ... 1986:</subfield>
    <subfield code="b">t.p. (Kuei-chou sheng nung yeh tʻing hsü mu chü)</subfield>
  </datafield>
</record>